@article{DBLP:journals/tocl/LeonePFEGPS06,
  author    = {Nicola Leone and
               Gerald Pfeifer and
               Wolfgang Faber and
               Thomas Eiter and
               Georg Gottlob and
               Simona Perri and
               Francesco Scarcello},
  title     = {The {DLV} system for knowledge representation and reasoning},
  journal   = {{ACM} Trans. Comput. Log.},
  volume    = {7},
  number    = {3},
  pages     = {499--562},
  year      = {2006},
  url       = {https://doi.org/10.1145/1149114.1149117},
  doi       = {10.1145/1149114.1149117},
  timestamp = {Sun, 02 Jun 2019 21:05:26 +0200},
  biburl    = {https://dblp.org/rec/journals/tocl/LeonePFEGPS06.bib},
  bibsource = {dblp computer science bibliography, https://dblp.org}
}

@inproceedings{DBLP:conf/lpnmr/GebserKKS11,
  author    = {Martin Gebser and
               Roland Kaminski and
               Arne K{\"{o}}nig and
               Torsten Schaub},
  title     = {Advances in \emph{gringo} Series 3},
  booktitle = {Logic Programming and Nonmonotonic Reasoning - 11th International
               Conference, {LPNMR} 2011, Vancouver, Canada, May 16-19, 2011. Proceedings},
  pages     = {345--351},
  year      = {2011},
  crossref  = {DBLP:conf/lpnmr/2011},
  url       = {https://doi.org/10.1007/978-3-642-20895-9\_39},
  doi       = {10.1007/978-3-642-20895-9\_39},
  timestamp = {Tue, 14 May 2019 10:00:48 +0200},
  biburl    = {https://dblp.org/rec/conf/lpnmr/GebserKKS11.bib},
  bibsource = {dblp computer science bibliography, https://dblp.org}
}
@proceedings{DBLP:conf/lpnmr/2011,
  editor    = {James P. Delgrande and
               Wolfgang Faber},
  title     = {Logic Programming and Nonmonotonic Reasoning - 11th International
               Conference, {LPNMR} 2011, Vancouver, Canada, May 16-19, 2011. Proceedings},
  series    = {Lecture Notes in Computer Science},
  volume    = {6645},
  publisher = {Springer},
  year      = {2011},
  url       = {https://doi.org/10.1007/978-3-642-20895-9},
  doi       = {10.1007/978-3-642-20895-9},
  isbn      = {978-3-642-20894-2},
  timestamp = {Tue, 14 May 2019 10:00:48 +0200},
  biburl    = {https://dblp.org/rec/conf/lpnmr/2011.bib},
  bibsource = {dblp computer science bibliography, https://dblp.org}
}

@article{DBLP:journals/corr/GebserKKS14,
  author    = {Martin Gebser and
               Roland Kaminski and
               Benjamin Kaufmann and
               Torsten Schaub},
  title     = {Clingo = {ASP} + Control: Preliminary Report},
  journal   = {CoRR},
  volume    = {abs/1405.3694},
  year      = {2014},
  url       = {http://arxiv.org/abs/1405.3694},
  archivePrefix = {arXiv},
  eprint    = {1405.3694},
  timestamp = {Mon, 13 Aug 2018 16:45:58 +0200},
  biburl    = {https://dblp.org/rec/journals/corr/GebserKKS14.bib},
  bibsource = {dblp computer science bibliography, https://dblp.org}
}

@article{DBLP:journals/pvldb/KolaitisPT13,
  author    = {Phokion G. Kolaitis and
               Enela Pema and
               Wang{-}Chiew Tan},
  title     = {Efficient Querying of Inconsistent Databases with Binary Integer Programming},
  journal   = {{PVLDB}},
  volume    = {6},
  number    = {6},
  pages     = {397--408},
  year      = {2013},
  url       = {http://www.vldb.org/pvldb/vol6/p397-tan.pdf},
  doi       = {10.14778/2536336.2536341},
  timestamp = {Thu, 16 Aug 2018 11:33:43 +0200},
  biburl    = {https://dblp.org/rec/journals/pvldb/KolaitisPT13.bib},
  bibsource = {dblp computer science bibliography, https://dblp.org}
}

@inproceedings{DBLP:conf/sigmod/FuxmanFM05,
  author    = {Ariel Fuxman and
               Elham Fazli and
               Ren{\'{e}}e J. Miller},
  title     = {ConQuer: Efficient Management of Inconsistent Databases},
  booktitle = {Proceedings of the {ACM} {SIGMOD} International Conference on Management
               of Data, Baltimore, Maryland, USA, June 14-16, 2005},
  pages     = {155--166},
  year      = {2005},
  crossref  = {DBLP:conf/sigmod/2005},
  url       = {https://doi.org/10.1145/1066157.1066176},
  doi       = {10.1145/1066157.1066176},
  timestamp = {Tue, 06 Nov 2018 11:07:38 +0100},
  biburl    = {https://dblp.org/rec/conf/sigmod/FuxmanFM05.bib},
  bibsource = {dblp computer science bibliography, https://dblp.org}
}
@proceedings{DBLP:conf/sigmod/2005,
  editor    = {Fatma {\"{O}}zcan},
  title     = {Proceedings of the {ACM} {SIGMOD} International Conference on Management
               of Data, Baltimore, Maryland, USA, June 14-16, 2005},
  publisher = {{ACM}},
  year      = {2005},
  isbn      = {1-59593-060-4},
  timestamp = {Mon, 17 Jul 2006 07:54:18 +0200},
  biburl    = {https://dblp.org/rec/conf/sigmod/2005.bib},
  bibsource = {dblp computer science bibliography, https://dblp.org}
}

@article{DBLP:journals/tkde/GrecoGZ03,
  author    = {Gianluigi Greco and
               Sergio Greco and
               Ester Zumpano},
  title     = {A Logical Framework for Querying and Repairing Inconsistent Databases},
  journal   = {{IEEE} Trans. Knowl. Data Eng.},
  volume    = {15},
  number    = {6},
  pages     = {1389--1408},
  year      = {2003},
  url       = {https://doi.org/10.1109/TKDE.2003.1245280},
  doi       = {10.1109/TKDE.2003.1245280},
  timestamp = {Sat, 20 May 2017 00:24:21 +0200},
  biburl    = {https://dblp.org/rec/journals/tkde/GrecoGZ03.bib},
  bibsource = {dblp computer science bibliography, https://dblp.org}
}

@article{DBLP:journals/tplp/ArenasBC03,
  author    = {Marcelo Arenas and
               Leopoldo E. Bertossi and
               Jan Chomicki},
  title     = {Answer sets for consistent query answering in inconsistent databases},
  journal   = {Theory Pract. Log. Program.},
  volume    = {3},
  number    = {4-5},
  pages     = {393--424},
  year      = {2003},
  url       = {https://doi.org/10.1017/S1471068403001832},
  doi       = {10.1017/S1471068403001832},
  timestamp = {Thu, 13 Feb 2020 14:39:42 +0100},
  biburl    = {https://dblp.org/rec/journals/tplp/ArenasBC03.bib},
  bibsource = {dblp computer science bibliography, https://dblp.org}
}

@article{DBLP:journals/dke/MarileoB10,
  author    = {M{\'{o}}nica Caniup{\'{a}}n Marileo and
               Leopoldo E. Bertossi},
  title     = {The consistency extractor system: Answer set programs for consistent
               query answering in databases},
  journal   = {Data Knowl. Eng.},
  volume    = {69},
  number    = {6},
  pages     = {545--572},
  year      = {2010},
  url       = {https://doi.org/10.1016/j.datak.2010.01.005},
  doi       = {10.1016/j.datak.2010.01.005},
  timestamp = {Sat, 20 May 2017 00:26:09 +0200},
  biburl    = {https://dblp.org/rec/journals/dke/MarileoB10.bib},
  bibsource = {dblp computer science bibliography, https://dblp.org}
}

@inproceedings{DBLP:conf/pods/KoutrisW15,
  author    = {Paraschos Koutris and
               Jef Wijsen},
  title     = {The Data Complexity of Consistent Query Answering for Self-Join-Free
               Conjunctive Queries Under Primary Key Constraints},
  booktitle = {Proceedings of the 34th {ACM} Symposium on Principles of Database
               Systems, {PODS} 2015, Melbourne, Victoria, Australia, May 31 - June
               4, 2015},
  pages     = {17--29},
  year      = {2015},
  crossref  = {DBLP:conf/pods/2015},
  url       = {https://doi.org/10.1145/2745754.2745769},
  doi       = {10.1145/2745754.2745769},
  timestamp = {Sat, 19 Oct 2019 20:32:09 +0200},
  biburl    = {https://dblp.org/rec/conf/pods/KoutrisW15.bib},
  bibsource = {dblp computer science bibliography, https://dblp.org}
}
@proceedings{DBLP:conf/pods/2015,
  editor    = {Tova Milo and
               Diego Calvanese},
  title     = {Proceedings of the 34th {ACM} Symposium on Principles of Database
               Systems, {PODS} 2015, Melbourne, Victoria, Australia, May 31 - June
               4, 2015},
  publisher = {{ACM}},
  year      = {2015},
  url       = {http://dl.acm.org/citation.cfm?id=2745754},
  isbn      = {978-1-4503-2757-2},
  timestamp = {Sun, 24 May 2015 12:17:12 +0200},
  biburl    = {https://dblp.org/rec/conf/pods/2015.bib},
  bibsource = {dblp computer science bibliography, https://dblp.org}
}

@inproceedings{DBLP:conf/sat/DixitK19,
  author    = {Akhil A. Dixit and
               Phokion G. Kolaitis},
  title     = {A SAT-Based System for Consistent Query Answering},
  booktitle = {Theory and Applications of Satisfiability Testing - {SAT} 2019 - 22nd
               International Conference, {SAT} 2019, Lisbon, Portugal, July 9-12,
               2019, Proceedings},
  pages     = {117--135},
  year      = {2019},
  crossref  = {DBLP:conf/sat/2019},
  url       = {https://doi.org/10.1007/978-3-030-24258-9\_8},
  doi       = {10.1007/978-3-030-24258-9\_8},
  timestamp = {Mon, 01 Jul 2019 14:18:25 +0200},
  biburl    = {https://dblp.org/rec/conf/sat/DixitK19.bib},
  bibsource = {dblp computer science bibliography, https://dblp.org}
}
@proceedings{DBLP:conf/sat/2019,
  editor    = {Mikol{\'{a}}s Janota and
               In{\^{e}}s Lynce},
  title     = {Theory and Applications of Satisfiability Testing - {SAT} 2019 - 22nd
               International Conference, {SAT} 2019, Lisbon, Portugal, July 9-12,
               2019, Proceedings},
  series    = {Lecture Notes in Computer Science},
  volume    = {11628},
  publisher = {Springer},
  year      = {2019},
  url       = {https://doi.org/10.1007/978-3-030-24258-9},
  doi       = {10.1007/978-3-030-24258-9},
  isbn      = {978-3-030-24257-2},
  timestamp = {Mon, 01 Jul 2019 14:16:33 +0200},
  biburl    = {https://dblp.org/rec/conf/sat/2019.bib},
  bibsource = {dblp computer science bibliography, https://dblp.org}
}

@article{DBLP:journals/ijar/GeertsPW17,
  author    = {Floris Geerts and
               Fabian Pijcke and
               Jef Wijsen},
  title     = {First-order under-approximations of consistent query answers},
  journal   = {Int. J. Approx. Reasoning},
  volume    = {83},
  pages     = {337--355},
  year      = {2017},
  url       = {https://doi.org/10.1016/j.ijar.2016.10.005},
  doi       = {10.1016/j.ijar.2016.10.005},
  timestamp = {Sat, 19 Oct 2019 19:14:33 +0200},
  biburl    = {https://dblp.org/rec/bib/journals/ijar/GeertsPW17},
  bibsource = {dblp computer science bibliography, https://dblp.org}
}

@book{DBLP:series/synthesis/2011Bertossi,
  author    = {Leopoldo E. Bertossi},
  title     = {Database Repairing and Consistent Query Answering},
  series    = {Synthesis Lectures on Data Management},
  publisher = {Morgan {\&} Claypool Publishers},
  year      = {2011},
  url       = {https://doi.org/10.2200/S00379ED1V01Y201108DTM020},
  doi       = {10.2200/S00379ED1V01Y201108DTM020},
  timestamp = {Tue, 16 May 2017 14:24:20 +0200},
  biburl    = {https://dblp.org/rec/bib/series/synthesis/2011Bertossi},
  bibsource = {dblp computer science bibliography, https://dblp.org}
}

@inproceedings{DBLP:conf/pods/LivshitsKR18,
  author    = {Ester Livshits and
               Benny Kimelfeld and
               Sudeepa Roy},
  title     = {Computing Optimal Repairs for Functional Dependencies},
  booktitle = {Proceedings of the 37th {ACM} {SIGMOD-SIGACT-SIGAI} Symposium on Principles
               of Database Systems, Houston, TX, USA, June 10-15, 2018},
  pages     = {225--237},
  year      = {2018},
  crossref  = {DBLP:conf/pods/2018},
  url       = {https://doi.org/10.1145/3196959.3196980},
  doi       = {10.1145/3196959.3196980},
  timestamp = {Wed, 21 Nov 2018 12:44:18 +0100},
  biburl    = {https://dblp.org/rec/bib/conf/pods/LivshitsKR18},
  bibsource = {dblp computer science bibliography, https://dblp.org}
}

@inproceedings{DBLP:conf/icdt/KoutrisS14,
  author    = {Paraschos Koutris and
               Dan Suciu},
  title     = {A Dichotomy on the Complexity of Consistent Query Answering for Atoms
               with Simple Keys},
  booktitle = {Proc. 17th International Conference on Database Theory (ICDT), Athens,
               Greece, March 24-28, 2014},
  pages     = {165--176},
  year      = {2014},
  url       = {https://doi.org/10.5441/002/icdt.2014.19},
  doi       = {10.5441/002/icdt.2014.19},
  timestamp = {Tue, 16 Jan 2018 17:46:10 +0100},
  biburl    = {https://dblp.org/rec/bib/conf/icdt/KoutrisS14},
  bibsource = {dblp computer science bibliography, https://dblp.org}
}

@article{DBLP:journals/ipl/KolaitisP12,
  author    = {Phokion G. Kolaitis and
               Enela Pema},
  title     = {A dichotomy in the complexity of consistent query answering for queries
               with two atoms},
  journal   = {Inf. Process. Lett.},
  volume    = {112},
  number    = {3},
  pages     = {77--85},
  year      = {2012},
  url       = {https://doi.org/10.1016/j.ipl.2011.10.018},
  doi       = {10.1016/j.ipl.2011.10.018},
  timestamp = {Fri, 26 May 2017 22:54:42 +0200},
  biburl    = {https://dblp.org/rec/bib/journals/ipl/KolaitisP12},
  bibsource = {dblp computer science bibliography, https://dblp.org}
}

@book{DBLP:books/sp/Libkin04,
  author    = {Leonid Libkin},
  title     = {Elements of Finite Model Theory},
  series    = {Texts in Theoretical Computer Science. An {EATCS} Series},
  publisher = {Springer},
  year      = {2004},
  url       = {http://www.cs.toronto.edu/\%7Elibkin/fmt},
  doi       = {10.1007/978-3-662-07003-1},
  isbn      = {3-540-21202-7},
  timestamp = {Wed, 10 Jul 2019 10:47:06 +0200},
  biburl    = {https://dblp.org/rec/bib/books/sp/Libkin04},
  bibsource = {dblp computer science bibliography, https://dblp.org}
}

@article{DBLP:journals/jal/CookM87,
  author    = {Stephen A. Cook and
               Pierre McKenzie},
  title     = {Problems Complete for Deterministic Logarithmic Space},
  journal   = {J. Algorithms},
  volume    = {8},
  number    = {3},
  pages     = {385--394},
  year      = {1987},
  url       = {https://doi.org/10.1016/0196-6774(87)90018-6},
  doi       = {10.1016/0196-6774(87)90018-6},
  timestamp = {Sun, 02 Jun 2019 20:52:08 +0200},
  biburl    = {https://dblp.org/rec/bib/journals/jal/CookM87},
  bibsource = {dblp computer science bibliography, https://dblp.org}
}

@inproceedings{DBLP:conf/pods/KoutrisW18,
  author    = {Paraschos Koutris and
               Jef Wijsen},
  title     = {Consistent Query Answering for Primary Keys and Conjunctive Queries
               with Negated Atoms},
  booktitle = {Proceedings of the 37th {ACM} {SIGMOD-SIGACT-SIGAI} Symposium on Principles
               of Database Systems, Houston, TX, USA, June 10-15, 2018},
  pages     = {209--224},
  year      = {2018},
  crossref  = {DBLP:conf/pods/2018},
  url       = {https://doi.org/10.1145/3196959.3196982},
  doi       = {10.1145/3196959.3196982},
  timestamp = {Sat, 19 Oct 2019 20:32:10 +0200},
  biburl    = {https://dblp.org/rec/bib/conf/pods/KoutrisW18},
  bibsource = {dblp computer science bibliography, https://dblp.org}
}
@proceedings{DBLP:conf/pods/2018,
  editor    = {Jan Van den Bussche and
               Marcelo Arenas},
  title     = {Proceedings of the 37th {ACM} {SIGMOD-SIGACT-SIGAI} Symposium on Principles
               of Database Systems, Houston, TX, USA, June 10-15, 2018},
  publisher = {{ACM}},
  year      = {2018},
  url       = {https://doi.org/10.1145/3196959},
  doi       = {10.1145/3196959},
  timestamp = {Wed, 21 Nov 2018 12:44:18 +0100},
  biburl    = {https://dblp.org/rec/bib/conf/pods/2018},
  bibsource = {dblp computer science bibliography, https://dblp.org}
}

@article{DBLP:journals/tocl/Fontaine15,
  author    = {Ga{\"{e}}lle Fontaine},
  title     = {Why Is It Hard to Obtain a Dichotomy for Consistent Query Answering?},
  journal   = {{ACM} Trans. Comput. Log.},
  volume    = {16},
  number    = {1},
  pages     = {7:1--7:24},
  year      = {2015},
  url       = {https://doi.org/10.1145/2699912},
  doi       = {10.1145/2699912},
  timestamp = {Tue, 06 Nov 2018 12:51:53 +0100},
  biburl    = {https://dblp.org/rec/bib/journals/tocl/Fontaine15},
  bibsource = {dblp computer science bibliography, https://dblp.org}
}

@article{DBLP:journals/sigmod/Wijsen19,
  author    = {Jef Wijsen},
  title     = {Foundations of Query Answering on Inconsistent Databases},
  journal   = {{SIGMOD} Rec.},
  volume    = {48},
  number    = {3},
  pages     = {6--16},
  year      = {2019},
  url       = {https://doi.org/10.1145/3377391.3377393},
  doi       = {10.1145/3377391.3377393},
  timestamp = {Fri, 06 Mar 2020 21:55:53 +0100},
  biburl    = {https://dblp.org/rec/journals/sigmod/Wijsen19.bib},
  bibsource = {dblp computer science bibliography, https://dblp.org}
}

@inproceedings{DBLP:conf/pods/ArenasBC99,
  author    = {Marcelo Arenas and
               Leopoldo E. Bertossi and
               Jan Chomicki},
  title     = {Consistent Query Answers in Inconsistent Databases},
  booktitle = {Proceedings of the Eighteenth {ACM} {SIGACT-SIGMOD-SIGART} Symposium
               on Principles of Database Systems, May 31 - June 2, 1999, Philadelphia,
               Pennsylvania, {USA}},
  pages     = {68--79},
  year      = {1999},
  crossref  = {DBLP:conf/pods/99},
  url       = {https://doi.org/10.1145/303976.303983},
  doi       = {10.1145/303976.303983},
  timestamp = {Tue, 06 Nov 2018 16:58:02 +0100},
  biburl    = {https://dblp.org/rec/bib/conf/pods/ArenasBC99},
  bibsource = {dblp computer science bibliography, https://dblp.org}
}
@proceedings{DBLP:conf/pods/99,
  editor    = {Victor Vianu and
               Christos H. Papadimitriou},
  title     = {Proceedings of the Eighteenth {ACM} {SIGACT-SIGMOD-SIGART} Symposium
               on Principles of Database Systems, May 31 - June 2, 1999, Philadelphia,
               Pennsylvania, {USA}},
  publisher = {{ACM} Press},
  year      = {1999},
  url       = {http://dl.acm.org/citation.cfm?id=303976},
  isbn      = {1-58113-062-7},
  timestamp = {Wed, 29 Mar 2017 16:45:25 +0200},
  biburl    = {https://dblp.org/rec/bib/conf/pods/99},
  bibsource = {dblp computer science bibliography, https://dblp.org}
}

@inproceedings{DBLP:conf/pods/Bertossi19,
  author    = {Leopoldo E. Bertossi},
  title     = {Database Repairs and Consistent Query Answering: Origins and Further
               Developments},
  booktitle = {Proceedings of the 38th {ACM} {SIGMOD-SIGACT-SIGAI} Symposium on Principles
               of Database Systems, {PODS} 2019, Amsterdam, The Netherlands, June
               30 - July 5, 2019},
  pages     = {48--58},
  year      = {2019},
  crossref  = {DBLP:conf/pods/2019},
  url       = {https://doi.org/10.1145/3294052.3322190},
  doi       = {10.1145/3294052.3322190},
  timestamp = {Sun, 16 Jun 2019 19:28:47 +0200},
  biburl    = {https://dblp.org/rec/bib/conf/pods/Bertossi19},
  bibsource = {dblp computer science bibliography, https://dblp.org}
}
@proceedings{DBLP:conf/pods/2019,
  editor    = {Dan Suciu and
               Sebastian Skritek and
               Christoph Koch},
  title     = {Proceedings of the 38th {ACM} {SIGMOD-SIGACT-SIGAI} Symposium on Principles
               of Database Systems, {PODS} 2019, Amsterdam, The Netherlands, June
               30 - July 5, 2019},
  publisher = {{ACM}},
  year      = {2019},
  url       = {https://dl.acm.org/citation.cfm?id=3294052},
  isbn      = {978-1-4503-6227-6},
  timestamp = {Sun, 16 Jun 2019 19:26:40 +0200},
  biburl    = {https://dblp.org/rec/bib/conf/pods/2019},
  bibsource = {dblp computer science bibliography, https://dblp.org}
}

@article{DBLP:journals/jar/CalvaneseGLLR07,
  author    = {Diego Calvanese and
               Giuseppe {De Giacomo} and
               Domenico Lembo and
               Maurizio Lenzerini and
               Riccardo Rosati},
  title     = {Tractable Reasoning and Efficient Query Answering in Description Logics:
               The \emph{DL-Lite} Family},
  journal   = {J. Autom. Reasoning},
  volume    = {39},
  number    = {3},
  pages     = {385--429},
  year      = {2007},
  url       = {https://doi.org/10.1007/s10817-007-9078-x},
  doi       = {10.1007/s10817-007-9078-x},
  timestamp = {Mon, 16 Sep 2019 14:50:12 +0200},
  biburl    = {https://dblp.org/rec/bib/journals/jar/CalvaneseGLLR07},
  bibsource = {dblp computer science bibliography, https://dblp.org}
}

@inproceedings{DBLP:conf/aaai/CalvaneseGLLR05,
  author    = {Diego Calvanese and
               Giuseppe {De Giacomo} and
               Domenico Lembo and
               Maurizio Lenzerini and
               Riccardo Rosati},
  title     = {DL-Lite: Tractable Description Logics for Ontologies},
  booktitle = {Proceedings, The Twentieth National Conference on Artificial Intelligence
               and the Seventeenth Innovative Applications of Artificial Intelligence
               Conference, July 9-13, 2005, Pittsburgh, Pennsylvania, {USA}},
  pages     = {602--607},
  year      = {2005},
  crossref  = {DBLP:conf/aaai/2005},
  url       = {http://www.aaai.org/Library/AAAI/2005/aaai05-094.php},
  timestamp = {Mon, 10 Dec 2012 15:34:42 +0100},
  biburl    = {https://dblp.org/rec/bib/conf/aaai/CalvaneseGLLR05},
  bibsource = {dblp computer science bibliography, https://dblp.org}
}
@proceedings{DBLP:conf/aaai/2005,
  editor    = {Manuela M. Veloso and
               Subbarao Kambhampati},
  title     = {Proceedings, The Twentieth National Conference on Artificial Intelligence
               and the Seventeenth Innovative Applications of Artificial Intelligence
               Conference, July 9-13, 2005, Pittsburgh, Pennsylvania, {USA}},
  publisher = {{AAAI} Press / The {MIT} Press},
  year      = {2005},
  isbn      = {1-57735-236-X},
  timestamp = {Mon, 26 Feb 2007 09:10:53 +0100},
  biburl    = {https://dblp.org/rec/bib/conf/aaai/2005},
  bibsource = {dblp computer science bibliography, https://dblp.org}
}

@article{DBLP:journals/tods/Wijsen12,
  author    = {Jef Wijsen},
  title     = {Certain conjunctive query answering in first-order logic},
  journal   = {{ACM} Trans. Database Syst.},
  volume    = {37},
  number    = {2},
  pages     = {9:1--9:35},
  year      = {2012},
  url       = {https://doi.org/10.1145/2188349.2188351},
  doi       = {10.1145/2188349.2188351},
  timestamp = {Sat, 19 Oct 2019 19:32:46 +0200},
  biburl    = {https://dblp.org/rec/bib/journals/tods/Wijsen12},
  bibsource = {dblp computer science bibliography, https://dblp.org}
}

@inproceedings{DBLP:conf/pods/Wijsen10,
  author    = {Jef Wijsen},
  title     = {On the first-order expressibility of computing certain answers to
               conjunctive queries over uncertain databases},
  booktitle = {Proceedings of the Twenty-Ninth {ACM} {SIGMOD-SIGACT-SIGART} Symposium
               on Principles of Database Systems, {PODS} 2010, June 6-11, 2010, Indianapolis,
               Indiana, {USA}},
  pages     = {179--190},
  year      = {2010},
  crossref  = {DBLP:conf/pods/2010},
  url       = {https://doi.org/10.1145/1807085.1807111},
  doi       = {10.1145/1807085.1807111},
  timestamp = {Sat, 19 Oct 2019 20:32:10 +0200},
  biburl    = {https://dblp.org/rec/bib/conf/pods/Wijsen10},
  bibsource = {dblp computer science bibliography, https://dblp.org}
}
@proceedings{DBLP:conf/pods/2010,
  editor    = {Jan Paredaens and
               Dirk Van Gucht},
  title     = {Proceedings of the Twenty-Ninth {ACM} {SIGMOD-SIGACT-SIGART} Symposium
               on Principles of Database Systems, {PODS} 2010, June 6-11, 2010, Indianapolis,
               Indiana, {USA}},
  publisher = {{ACM}},
  year      = {2010},
  url       = {http://dl.acm.org/citation.cfm?id=1807085},
  isbn      = {978-1-4503-0033-9},
  timestamp = {Wed, 23 May 2012 16:53:24 +0200},
  biburl    = {https://dblp.org/rec/bib/conf/pods/2010},
  bibsource = {dblp computer science bibliography, https://dblp.org}
}

@inproceedings{DBLP:conf/icdt/FuxmanM05,
  author    = {Ariel Fuxman and
               Ren{\'{e}}e J. Miller},
  title     = {First-Order Query Rewriting for Inconsistent Databases},
  booktitle = {Database Theory - {ICDT} 2005, 10th International Conference, Edinburgh,
               UK, January 5-7, 2005, Proceedings},
  pages     = {337--351},
  year      = {2005},
  crossref  = {DBLP:conf/icdt/2005},
  url       = {https://doi.org/10.1007/978-3-540-30570-5\_23},
  doi       = {10.1007/978-3-540-30570-5\_23},
  timestamp = {Tue, 14 May 2019 10:00:54 +0200},
  biburl    = {https://dblp.org/rec/bib/conf/icdt/FuxmanM05},
  bibsource = {dblp computer science bibliography, https://dblp.org}
}
@proceedings{DBLP:conf/icdt/2005,
  editor    = {Thomas Eiter and
               Leonid Libkin},
  title     = {Database Theory - {ICDT} 2005, 10th International Conference, Edinburgh,
               UK, January 5-7, 2005, Proceedings},
  series    = {Lecture Notes in Computer Science},
  volume    = {3363},
  publisher = {Springer},
  year      = {2005},
  url       = {https://doi.org/10.1007/b104421},
  doi       = {10.1007/b104421},
  isbn      = {3-540-24288-0},
  timestamp = {Tue, 14 May 2019 10:00:54 +0200},
  biburl    = {https://dblp.org/rec/bib/conf/icdt/2005},
  bibsource = {dblp computer science bibliography, https://dblp.org}
}

@article{DBLP:journals/jcss/FuxmanM07,
  author    = {Ariel Fuxman and
               Ren{\'{e}}e J. Miller},
  title     = {First-order query rewriting for inconsistent databases},
  journal   = {J. Comput. Syst. Sci.},
  volume    = {73},
  number    = {4},
  pages     = {610--635},
  year      = {2007},
  url       = {https://doi.org/10.1016/j.jcss.2006.10.013},
  doi       = {10.1016/j.jcss.2006.10.013},
  timestamp = {Sat, 20 May 2017 00:25:53 +0200},
  biburl    = {https://dblp.org/rec/bib/journals/jcss/FuxmanM07},
  bibsource = {dblp computer science bibliography, https://dblp.org}
}

@article{DBLP:journals/siamcomp/ChandraSV84,
  author    = {Ashok K. Chandra and
               Larry J. Stockmeyer and
               Uzi Vishkin},
  title     = {Constant Depth Reducibility},
  journal   = {{SIAM} J. Comput.},
  volume    = {13},
  number    = {2},
  pages     = {423--439},
  year      = {1984},
  url       = {https://doi.org/10.1137/0213028},
  doi       = {10.1137/0213028},
  timestamp = {Sat, 27 May 2017 14:22:59 +0200},
  biburl    = {http://dblp.org/rec/bib/journals/siamcomp/ChandraSV84},
  bibsource = {dblp computer science bibliography, http://dblp.org}
}

@article{DBLP:journals/sigact/FennerGT17,
  author    = {Stephen A. Fenner and
               Rohit Gurjar and
               Thomas Thierauf},
  title     = {Guest Column: Parallel Algorithms for Perfect Matching},
  journal   = {{SIGACT} News},
  volume    = {48},
  number    = {1},
  pages     = {102--109},
  year      = {2017},
  url       = {http://doi.acm.org/10.1145/3061640.3061655},
  doi       = {10.1145/3061640.3061655},
  timestamp = {Tue, 21 Mar 2017 17:47:57 +0100},
  biburl    = {http://dblp.org/rec/bib/journals/sigact/FennerGT17},
  bibsource = {dblp computer science bibliography, http://dblp.org}
}

@inproceedings{DBLP:conf/stoc/FennerGT16,
  author    = {Stephen A. Fenner and
               Rohit Gurjar and
               Thomas Thierauf},
  title     = {Bipartite perfect matching is in quasi-NC},
  booktitle = {Proceedings of the 48th Annual {ACM} {SIGACT} Symposium on Theory
               of Computing, {STOC} 2016, Cambridge, MA, USA, June 18-21, 2016},
  pages     = {754--763},
  year      = {2016},
  crossref  = {DBLP:conf/stoc/2016},
  url       = {http://doi.acm.org/10.1145/2897518.2897564},
  doi       = {10.1145/2897518.2897564},
  timestamp = {Fri, 10 Jun 2016 10:47:01 +0200},
  biburl    = {http://dblp.org/rec/bib/conf/stoc/FennerGT16},
  bibsource = {dblp computer science bibliography, http://dblp.org}
}
@proceedings{DBLP:conf/stoc/2016,
  editor    = {Daniel Wichs and
               Yishay Mansour},
  title     = {Proceedings of the 48th Annual {ACM} {SIGACT} Symposium on Theory
               of Computing, {STOC} 2016, Cambridge, MA, USA, June 18-21, 2016},
  publisher = {{ACM}},
  year      = {2016},
  url       = {http://dl.acm.org/citation.cfm?id=2897518},
  isbn      = {978-1-4503-4132-5},
  timestamp = {Fri, 10 Jun 2016 10:30:30 +0200},
  biburl    = {http://dblp.org/rec/bib/conf/stoc/2016},
  bibsource = {dblp computer science bibliography, http://dblp.org}
}

@article{DBLP:journals/tods/KoutrisW17,
  author    = {Paraschos Koutris and
               Jef Wijsen},
  title     = {Consistent Query Answering for Self-Join-Free Conjunctive Queries
               Under Primary Key Constraints},
  journal   = {{ACM} Trans. Database Syst.},
  volume    = {42},
  number    = {2},
  pages     = {9:1--9:45},
  year      = {2017},
  url       = {https://doi.org/10.1145/3068334},
  doi       = {10.1145/3068334},
  timestamp = {Sat, 19 Oct 2019 19:32:45 +0200},
  biburl    = {https://dblp.org/rec/bib/journals/tods/KoutrisW17},
  bibsource = {dblp computer science bibliography, https://dblp.org}
}

@inproceedings{DBLP:conf/icdt/KoutrisW19,
  author    = {Paraschos Koutris and
               Jef Wijsen},
  title     = {Consistent Query Answering for Primary Keys in Logspace},
  booktitle = {22nd International Conference on Database Theory, {ICDT} 2019, March
               26-28, 2019, Lisbon, Portugal},
  pages     = {23:1--23:19},
  year      = {2019},
  crossref  = {DBLP:conf/icdt/2019},
  url       = {https://doi.org/10.4230/LIPIcs.ICDT.2019.23},
  doi       = {10.4230/LIPIcs.ICDT.2019.23},
  timestamp = {Tue, 14 May 2019 15:18:30 +0200},
  biburl    = {https://dblp.org/rec/bib/conf/icdt/KoutrisW19},
  bibsource = {dblp computer science bibliography, https://dblp.org}
}
@proceedings{DBLP:conf/icdt/2019,
  editor    = {Pablo Barcel{\'{o}} and
               Marco Calautti},
  title     = {22nd International Conference on Database Theory, {ICDT} 2019, March
               26-28, 2019, Lisbon, Portugal},
  series    = {LIPIcs},
  volume    = {127},
  publisher = {Schloss Dagstuhl - Leibniz-Zentrum fuer Informatik},
  year      = {2019},
  url       = {http://www.dagstuhl.de/dagpub/978-3-95977-101-6},
  isbn      = {978-3-95977-101-6},
  timestamp = {Tue, 02 Apr 2019 17:11:24 +0200},
  biburl    = {https://dblp.org/rec/bib/conf/icdt/2019},
  bibsource = {dblp computer science bibliography, https://dblp.org}
}